% OEELM
@inproceedings{auerbach2014online,
  title={Online Extreme Evolutionary Learning Machines},
  author={Auerbach, Joshua E and Fernando, Crisantha and Floreano, Dario},
  booktitle={ALIFE 14: The Fourteenth Conference on the Synthesis and Simulation of Living Systems},
  volume={14},
  pages={465--472},
  year={2014}
}

% Neural replicator hypothesis
@article{fernando2010neuronal,
  title={The neuronal replicator hypothesis},
  author={Fernando, Chrisantha and Goldstein, Richard and Szathm{\'a}ry, E{\"o}rs},
  journal={Neural Computation},
  volume={22},
  number={11},
  pages={2809--2857},
  year={2010},
  publisher={MIT Press}
}

% General evolutionary algorithms etc
@book{back2000evolutionary,
  title={Evolutionary computation 1: Basic algorithms and operators},
  author={B{\"a}ck, Thomas and Fogel, David B and Michalewicz, Zbigniew},
  volume={1},
  year={2000},
  publisher={CRC Press}
}

% MNIST
@article{lecun1998gradient,
  title={Gradient-based learning applied to document recognition},
  author={LeCun, Yann and Bottou, L{\'e}on and Bengio, Yoshua and Haffner, Patrick},
  journal={Proceedings of the IEEE},
  volume={86},
  number={11},
  pages={2278--2324},
  year={1998},
  publisher={IEEE}
}

% HyperNEAT
@article{stanley2009hypercube,
  title={A hypercube-based encoding for evolving large-scale neural networks},
  author={Stanley, Kenneth O and D'Ambrosio, David B and Gauci, Jason},
  journal={Artificial life},
  volume={15},
  number={2},
  pages={185--212},
  year={2009},
  publisher={MIT Press}
}

% Selectionist ELM
@inproceedings{mahmood2013representation,
  title={Representation Search through Generate and Test.},
  author={Mahmood, Ashique Rupam and Sutton, Richard S},
  booktitle={AAAI Workshop: Learning Rich Representations from Low-Level Sensors},
  year={2013}
}

% ELM
@article{huang2012extreme,
  title={Extreme learning machine for regression and multiclass classification},
  author={Huang, Guang-Bin and Zhou, Hongming and Ding, Xiaojian and Zhang, Rui},
  journal={Systems, Man, and Cybernetics, Part B: Cybernetics, IEEE Transactions on},
  volume={42},
  number={2},
  pages={513--529},
  year={2012},
  publisher={IEEE}
}

% NEAT
@article{stanley2002evolving,
  title={Evolving neural networks through augmenting topologies},
  author={Stanley, Kenneth and Miikkulainen, Risto},
  journal={Evolutionary computation},
  volume={10},
  number={2},
  pages={99--127},
  year={2002},
  publisher={MIT Press}
}

@article{martin1999increasing,
  title={Increasing genomic complexity by gene duplication and the origin of vertebrates},
  author={Martin, Andrew P},
  journal={The American Naturalist},
  volume={154},
  number={2},
  pages={111--128},
  year={1999},
  publisher={JSTOR}
}

% HyperNEAT Go
@incollection{gauci2010indirect,
  title={Indirect encoding of neural networks for scalable go},
  author={Gauci, Jason and Stanley, Kenneth O},
  booktitle={Parallel Problem Solving from Nature, PPSN XI},
  pages={354--363},
  year={2010},
  publisher={Springer}
}

% HyperNEAT checkers
@article{gauci2010autonomous,
  title={Autonomous evolution of topographic regularities in artificial neural networks},
  author={Gauci, Jason and Stanley, Kenneth O},
  journal={Neural computation},
  volume={22},
  number={7},
  pages={1860--1898},
  year={2010},
  publisher={MIT Press}
}

% HyperNEAT EndlessForms.com
@article{clune2011evolving,
  title={Evolving 3d objects with a generative encoding inspired by developmental biology},
  author={Clune, Jeff and Lipson, Hod},
  journal={ACM SIGEVOlution},
  volume={5},
  number={4},
  pages={2--12},
  year={2011},
  publisher={ACM}
}

% HyperNEAT quadruped gaits
@inproceedings{clune2009evolving,
  title={Evolving coordinated quadruped gaits with the HyperNEAT generative encoding},
  author={Clune, Jeff and Beckmann, Benjamin E and Ofria, Charles and Pennock, Robert T},
  booktitle={Evolutionary Computation, 2009. CEC'09. IEEE Congress on},
  pages={2764--2771},
  year={2009},
  organization={IEEE}
}

% rtNEAT
@article{stanley2005evolving,
  title={Evolving neural network agents in the NERO video game},
  author={Stanley, Kenneth O and Bryant, Bobby D and Miikkulainen, Risto},
  journal={Proceedings of the IEEE},
  pages={182--189},
  year={2005}
}

% Python
@book{van1995python,
  title={Python reference manual},
  author={Van Rossum, Guido and Drake Jr, Fred L},
  year={1995},
  publisher={Centrum voor Wiskunde en Informatica Amsterdam}
}

% NumPy
@article{van2011numpy,
  title={The NumPy array: a structure for efficient numerical computation},
  author={Van Der Walt, Stefan and Colbert, S Chris and Varoquaux, Gael},
  journal={Computing in Science \& Engineering},
  volume={13},
  number={2},
  pages={22--30},
  year={2011},
  publisher={AIP Publishing}
}

% HyperNEAT geometry
@inproceedings{clune2009sensitivity,
  title={The sensitivity of HyperNEAT to different geometric representations of a problem},
  author={Clune, Jeff and Ofria, Charles and Pennock, Robert T},
  booktitle={Proceedings of the 11th Annual conference on Genetic and evolutionary computation},
  pages={675--682},
  year={2009},
  organization={ACM}
}

% MultiNEAT
@misc{chervenski2012multineat,
  author = "Peter Chervenski",
  title = "{M}ulti{NEAT} - {C}\verb!++!/{P}ython neuroevolution library",
  year = "2012",
  howpublished = {\url{http://MultiNEAT.com}}
} 
